@article{Sohankar1998,
	author = {Sohankar, A. and Norberg, C. and Davidson, L.},
	doi = {10.1002/(SICI)1097-0363(19980115)26:1<39::AID-FLD623>3.0.CO;2-P},
	issn = {0271-2091},
	journal = {International Journal for Numerical Methods in Fluids},
	month = {jan},
	number = {1},
	title = {Low-Reynolds-number flow around a square cylinder at incidence: study of blockage, onset of vortex shedding and outlet boundary condition},
	volume = {26},
	year = {1998}
}
@article{Chatterjee2011,
	author = {Chatterjee, D. and Mondal, B.},
	doi = {10.1016/j.ijheatmasstransfer.2011.08.016},
	issn = {00179310},
	journal = {International Journal of Heat and Mass Transfer},
	month = {dec},
	number = {25-26},
	title = {Effect of thermal buoyancy on vortex shedding behind a square cylinder in cross flow at low Reynolds numbers},
	volume = {54},
	year = {2011}
}
@article{Moser1999,
	author = {Moser, R. D. and Kim, J. and Mansour, N. N.},
	doi = {10.1063/1.869966},
	issn = {1070-6631},
	journal = {Physics of Fluids},
	month = {apr},
	number = {4},
	title = {Direct numerical simulation of turbulent channel flow up to $Re_{\tau} = 590$},
	volume = {11},
	year = {1999}
}
@article{Olshanskii2000,
	author = {Ol'shanskii, M. A. and Staroverov, V. M.},
	doi = {10.1002/1097-0363(20000630)33:4<499::AID-FLD19>3.3.CO;2-Z},
	issn = {02712091},
	journal = {International Journal for Numerical Methods in Fluids},
	month = {jun},
	number = {4},
	title = {On simulation of outflow boundary conditions in finite difference calculations for incompressible fluid},
	volume = {33},
	year = {2000}
}
@article{Eggels1994,
	author = {Eggels, J. G. M. and Unger, F. and Weiss, M. H. and Westerweel, J. and Adrian, R. J. and Friedrich, R. and Nieuwstadt, F. T. M.},
	doi = {10.1017/S002211209400131X},
	issn = {0022-1120},
	journal = {Journal of Fluid Mechanics},
	month = {jun},
	title = {Fully developed turbulent pipe flow: a comparison between direct numerical simulation and experiment},
	volume = {268},
	year = {1994}
}
@article{Sjogreen2017,
	author = {Sj{\"{o}}green, B. and Yee, H. C.},
	doi = {10.1016/j.compfluid.2017.09.017},
	issn = {00457930},
	journal = {Computers \& Fluids},
	month = {dec},
	title = {Accuracy consideration by DRP schemes for DNS and LES of compressible flow computations},
	volume = {159},
	year = {2017}
}
@article{Spalart1993,
	author = {Spalart, P. R. and Watmuff, J. H.},
	doi = {10.1017/S002211209300120X},
	issn = {0022-1120},
	journal = {Journal of Fluid Mechanics},
	month = {apr},
	number = {-1},
	title = {Experimental and numerical study of a turbulent boundary layer with pressure gradients},
	volume = {249},
	year = {1993}
}
@article{BERLIN1999,
	author = {Berlin, S. and Wiegel, M. and Henningson, D. S.},
	doi = {10.1017/S002211209900511X},
	issn = {0022-1120},
	journal = {Journal of Fluid Mechanics},
	month = {aug},
	title = {Numerical and experimental investigations of oblique boundary layer transition},
	volume = {393},
	year = {1999}
}
@article{Bertolotti1992,
	author = {Bertolotti, F. P. and Herbert, Th. and Spalart, P. R.},
	doi = {10.1017/S0022112092002453},
	issn = {0022-1120},
	journal = {Journal of Fluid Mechanics},
	month = {sep},
	title = {Linear and nonlinear stability of the Blasius boundary layer},
	volume = {242},
	year = {1992}
}
@book{Canuto2007,
	author = {Canuto, C. and Hussaini, M. Y. and Quarteroni, A. and Zang, T. A.},
	isbn = {978-3-540-30727-3},
	pages = {159--161},
	publisher = {Springer Science \& Business Media},
	title = {Spectral methods: evolution to complex geometries and applications to fluid dynamics},
	year = {2007}
}
@article{Imke2004,
	author = {Imke, U.},
	doi = {10.1016/j.cej.2003.10.012},
	issn = {1385-8947},
	journal = {Chemical Engineering Journal},
	number = {1},
	pages = {295--302},
	title = {Porous media simplified simulation of single- and two-phase flow heat transfer in micro-channel heat exchangers},
	volume = {101},
	year = {2004}
}
@article{Anika2020,
	author = {Anika, N. N. and Djenidi, L. and Tardu, S.},
	doi = {10.1017/jfm.2020.207},
	journal = {Journal of Fluid Mechanics},
	pages = {A34},
	publisher = {Cambridge University Press},
	title = {Roughness effect in an initially laminar channel flow},
	volume = {892},
	year = {2020}
}
@article{Kawamura1998,
	author = {Kawamura, H. and Ohsaka, K. and Abe, H. and Yamamoto, K.},
	doi = {10.1016/S0142-727X(98)10026-7},
	journal = {International Journal of Heat and Fluid Flow},
	pages = {482--491},
	title = {DNS of turbulent heat transfer in channel flow with low to medium-high Prandtl number fluid},
	volume = {19},
	year = {1998}
}
@article{Krogstad2005,
	author = {Krogstad, P.-{\AA}. and Anderson, H. I. and Bakken, O. M. and Ashrafian, A.},
	doi = {10.1017/S0022112005003824},
	journal = {Journal of Fluid Mechanics},
	pages = {327--352},
	publisher = {Cambridge University Press},
	title = {An experimental and numerical study of channel flow with rough walls},
	volume = {530},
	year = {2005}
}
@article{Tuckerman2014,
	author = {Tuckerman, L. S. and Kreilos, T. and Schrobsdorff, H. and Schneider, T. M. and Gibson, J. F.},
	doi = {10.1063/1.4900874},
	journal = {Physics of Fluids},
	month = {nov},
	number = {11},
	pages = {114103},
	publisher = {{AIP} Publishing},
	title = {Turbulent-laminar patterns in plane Poiseuille flow},
	volume = {26},
	year = {2014}
}
@article{Bao1997,
	author = {Bao, W. and Han, H.},
 	url = {http://www.jstor.org/stable/43692690},
	issn = {02549409, 19917139},
	journal = {Journal of Computational Mathematics},
	number = {4},
	pages = {335--344},
	publisher = {Institute of Computational Mathematics and Scientific/Engineering Computing},
	title = {Local artificial boundary conditions for the incompressible viscous flow in a slip channel},
	volume = {15},
	year = {1997}
}
@article{Leonardi2003,
	author = {Leonardi, S. and Orlandi, P. and Smalley, R. J. and Djenidi, L. and Antonia, R. A.},
	doi = {10.1017/s0022112003005500},
	journal = {Journal of Fluid Mechanics},
	month = {sep},
	pages = {229--238},
	publisher = {Cambridge University Press ({CUP})},
	title = {Direct numerical simulations of turbulent channel flow with transverse square bars on one wall},
	volume = {491},
	year = {2003}
}
@phdthesis{Skote2001,
	author = {Skote, M.},
	school = {Mekanic},
	title = {Studies of turbulent boundary layer flowthrough direct numerical simulation},
	year = {2001}
}
@article{Galusinski2017,
	author = {Galusinski, C. and Mazoyer, C. and Meradji, S. and Molcard, A. and Ourmi{\`{e}}res, Y.},
	doi = {10.14311/tpfm.2017.018},
	journal = {Topical Problems of Fluid Mechanics 2017},
	publisher = {Institute of Thermomechanics, {AS} {CR}, v.v.i.},
	title = {Inlet and outlet open boundary conditions for incompressible navier-stokes equations},
	year = {2017}
}
@article{Moghtaderi2006,
	author = {Moghtaderi, B. and Shames, I. and Djenidi, L.},
	doi = {10.1016/j.ijheatfluidflow.2006.01.008},
	journal = {International Journal of Heat and Fluid Flow},
	number = {6},
	pages = {1069--1077},
	publisher = {Elsevier {BV}},
	title = {Microfluidic characteristics of a multi-holed baffle plate micro-reactor},
	volume = {27},
	year = {2006}
}
@article{Sara2001,
	author = {Sara, O. N. and Pekdemir, T. and Yapici, S. and Yilmaz, M.},
	doi = {10.1016/s0142-727x(01)00117-5},
	journal = {International Journal of Heat and Fluid Flow},
	month = {oct},
	number = {5},
	pages = {509--518},
	publisher = {Elsevier {BV}},
	title = {Heat-transfer enhancement in a channel flow with perforated rectangular blocks},
	volume = {22},
	year = {2001}
}
@article{Obot2002,
	author = {Obot, N. T.},
	doi = {10.1080/10893950290053295},
	journal = {Microscale Thermophysical Engineering},
	number = {3},
	pages = {155--173},
	publisher = {Informa {UK} Limited},
	title = {Toward a better understanding of friction and heat/mass transfer in microchannels-- A literature review},
	volume = {6},
	year = {2002}
}
@article{Braack2014,
	author = {Braack, M. and Mucha, P. B.},
 	url = {http://www.jstor.org/stable/43693956},
	journal = {Journal of Computational Mathematics},
	pages = {507--521},
	title = {Directional do-nothing condition for the navier-stokes equations},
	volume = {32},
	year = {2014}
}
@article{Duncan1994,
	author = {Duncan, A. B. and Peterson, G. P.},
	doi = {10.1115/1.3111085},
	journal = {Applied Mechanics Reviews},
	month = {sep},
	pages = {397--428},
	publisher = {{ASME} International},
	title = {Review of Microscale Heat Transfer},
	volume = {47},
	year = {1994}
}
@article{MIYAUCHI1996,
	author = {Miyauchi, T. and Tanahashi, M. and Suzuki, M.},
	doi = {10.1299/jsmeb.39.305},
	issn = {1340-8054},
	journal = {JSME International Journal Series B},
	number = {2},
	title = {Inflow and Outflow Boundary Conditions for Direct Numerical Simulations.},
	volume = {39},
	year = {1996}
}
@article{Durst2005,
	author = {Durst, F. and Ray, S. and {\"{U}}nsal, B. and Bayoumi, O. A.},
	doi = {10.1115/1.2063088},
	journal = {Journal of Fluids Engineering},
	number = {6},
	pages = {1154--1160},
	publisher = {{ASME} International},
	title = {The Development Lengths of Laminar Pipe and Channel Flows},
	volume = {127},
	year = {2005}
}
@article{Chevalier2012,
	author = {Chevalier, M. and Schlatter, P. and Lundbladh, A. and Henningson, D. S.},
	journal = {Tech. Rep. TRITA-MEK 2007:07, Royal Institute of Technology, Stockholm, Sweden},
	month = {jan},
	pages = {1--100},
	title = {SIMSON - A Pseudo-Spectral Solver for Incompressible Boundary Layer Flow},
	year = {2012}
}
@article{Tardu2007,
	author = {Tardu, S. and Nacereddine, R.},
	doi = {10.1007/s11071-007-9233-2},
	journal = {Nonlinear Dynamics},
	number = {4},
	pages = {767--779},
	publisher = {Springer Science and Business Media {LLC}},
	title = {Bypass transition through interactions of localized disturbances in wall-bounded flows},
	volume = {50},
	year = {2007}
}
@article{Vreman2014,
	author = {Vreman, A. W. and Kuerten, J. G. M.},
	doi = {10.1063/1.4861064},
	issn = {1070-6631},
	journal = {Physics of Fluids},
	month = {jan},
	number = {1},
	title = {Comparison of direct numerical simulation databases of turbulent channel flow at $Re_{\tau} = 180$},
	volume = {26},
	year = {2014}
}
@misc{Tardu_Lecture,
	author = {Tardu, S.},
	year = {2014},
	institution = {Universit{\'{e}} Joseph Fourier - Grenoble 1, UFR de M{\'{e}}canique},
	title = {Transfert dans les fluides}
}
@article{Simens2009,
	author = {Simens, M. P. and Jim{\'{e}}nez, J. and Hoyas, S. and Mizuno, Y.},
	doi = {10.1016/j.jcp.2009.02.031},
	issn = {0021-9991},
	journal = {Journal of Computational Physics},
	number = {11},
	pages = {4218--4231},
	publisher = {Elsevier {BV}},
	title = {A high-resolution code for turbulent boundary layers},
	volume = {228},
	year = {2009}
}
@article{Sparrow1955,
	author = {Sparrow, E. M.},
	journal = {National Advisory Committee for Aeronautics},
	month = {jan},
	title = {Analysis of laminar forced-convection heat transfer in entrance region of flat rectangular ducts},
	year = {1955}
}
@book{Bejan2013,
	author = {Bejan, A.},
	publisher = {John wiley \& sons},
	title = {Convection heat transfer},
	year = {2013}
}
@article{Nordstrom1999,
	author = {Nordstr{\"{o}}m, J. and Nordin, N. and Henningson, D.},
	doi = {10.1137/S1064827596310251},
	journal = {{SIAM} Journal on Scientific Computing},
	month = {jan},
	number = {4},
	pages = {1365--1393},
	publisher = {Society for Industrial {\&} Applied Mathematics ({SIAM})},
	title = {The Fringe Region Technique and the Fourier Method Used in the Direct Numerical Simulation of Spatially Evolving Viscous Flows},
	volume = {20},
	year = {1999}
}
@article{Craske2013,
	author = {Craske, J. and Van Reeuwijk, M.},
	doi = {10.1016/j.compfluid.2013.06.026},
	journal = {Computers {\&} Fluids},
	month = {nov},
	pages = {284--297},
	publisher = {Elsevier {BV}},
	title = {Robust and accurate open boundary conditions for incompressible turbulent jets and plumes},
	volume = {86},
	year = {2013}
}
@article{Bauer2015,
	author = {Bauer, F. and Tardu, S. and Doche, O.},
	doi = {10.1016/j.compfluid.2014.10.009},
	issn = {0045-7930},
	journal = {Computers \& Fluids},
	pages = {123--140},
	title = {Efficiency of high accuracy DRP schemes in direct numerical simulations of incompressible turbulent flows},
	volume = {107},
	year = {2015}
}
@misc{Bauer_PhDThesis,
	author = {Bauer, F.},
	institution = {Universit{\'{e}} Grenoble Alpes},
	title = {Transport et production dans les {\'{e}}coulements turbulents {\`{a}} des nombres de Reynolds mod{\'{e}}r{\'{e}}s},
	year = {2015}
}

@misc{Doche_PhDThesis,
	author = {Doche, O.},
	institution = {Universit{\'{e}} Grenoble Alpes},
	title = {Contrôle actif dual des écoulements turbulents pariétaux. Expériences et Simulations Numériques Directes.},
	year = {2006}
}

@misc{Bouillon_PhDThesis,
	author = {Bouillon, F.},
	institution = {Universit{\'{e}} Grenoble Alpes},
	title = {Simulations numériques directes du contrôle électromagnétique},
	year = {2004}
}
@article{Lyons1991,
	author = {Lyons, S. L. and Hanratty, T. J. and McLaughlin, J. B.},
	doi = {10.1016/0017-9310(91)90024-9},
	issn = {0017-9310},
	journal = {International Journal of Heat and Mass Transfer},
	number = {4},
	pages = {1149--1161},
	title = {Direct numerical simulation of passive heat transfer in a turbulent channel flow},
	volume = {34},
	year = {1991}
}
@article{Dong2015,
	author = {Dong, S.},
	doi = {10.1016/j.jcp.2015.09.017},
	journal = {Journal of Computational Physics},
	pages = {300--328},
	publisher = {Elsevier {BV}},
	title = {A convective-like energy-stable open boundary condition for simulations of incompressible flows},
	volume = {302},
	year = {2015}
}
@article{Li2016,
	author = {Li, Y. and Choi, J. I. and Choic, Y. and Kim, J.},
	doi = {10.1080/19942060.2016.1247296},
	journal = {Engineering Applications of Computational Fluid Mechanics},
	month = {nov},
	number = {1},
	pages = {69--85},
	publisher = {Informa {UK} Limited},
	title = {A simple and efficient outflow boundary condition for the incompressible Navier{\textendash}Stokes equations},
	volume = {11},
	year = {2016}
}
@article{Rodriguez2017,
	author = {Alvarado-Rodr{\'{i}}guez, C. E. and Klapp, J. and Sigalotti, L. and Dom{\'{i}}nguez, J. M. and {De La Cruz S{\'{a}}nchez}, E.},
	doi = {10.1016/j.compfluid.2017.09.020},
	issn = {0045-7930},
	journal = {Computers \& Fluids},
	pages = {177--188},
	title = {Nonreflecting outlet boundary conditions for incompressible flows using SPH},
	volume = {159},
	year = {2017}
}
@misc{Bobke2016,
	author = {Bobke, A.},
	title = {Simulations of turbulent boundary layers with suction and pressure gradients},
	year = {2016},
	institution = {KTH Mechanics, Royal Institute of Technology}
}
@article{Halpern1989,
   author = {Halpern, L. and Schatzman, M.},
   doi = {10.1137/0520021},
   issn = {0036-1410},
   issue = {2},
   journal = {SIAM Journal on Mathematical Analysis},
   month = {3},
   title = {Artificial Boundary Conditions for Incompressible Viscous Flows},
   volume = {20},
   year = {1989},
}
@article{Jin1993,
   author = {Jin, G. and Braza, M.},
   doi = {10.1006/jcph.1993.1140},
   issn = {00219991},
   issue = {2},
   journal = {Journal of Computational Physics},
   month = {8},
   title = {A Nonreflecting Outlet Boundary Condition for Incompressible Unsteady Navier-Stokes Calculations},
   volume = {107},
   year = {1993},
}
@article{Martinuzzi1993,
   author = {Martinuzzi, R. and Tropea, C.},
   doi = {10.1115/1.2910118},
   issn = {0098-2202},
   issue = {1},
   journal = {Journal of Fluids Engineering},
   month = {3},
   title = {The Flow Around Surface-Mounted, Prismatic Obstacles Placed in a Fully Developed Channel Flow (Data Bank Contribution)},
   volume = {115},
   year = {1993},
}
@article{Schlichting1934,
   author = {Schlichting, H.},
   journal = {ZAMM - Zeitschrift für Angewandte Mathematik und Mechanik},
   title = {Laminare kanaleinlaufströmung},
   volume = {14},
   year = {1934},
}
@book{schlichting2016boundary,
  author={Schlichting, H. and Gersten, K.},
  title={Boundary-layer theory},
  year={2016},
  publisher={Springer}
}
@article{Brown2005,
   author = {Brown, D. C.},
   doi = {10.1109/JSTQE.2003.850237},
   issn = {1077-260X},
   issue = {3},
   journal = {IEEE Journal of Selected Topics in Quantum Electronics},
   month = {5},
   title = {The promise of cryogenic solid-state lasers},
   volume = {11},
   year = {2005},
}
@article{Rothstein2010,
   author = {Rothstein, J. P.},
   doi = {10.1146/annurev-fluid-121108-145558},
   issn = {0066-4189},
   issue = {1},
   journal = {Annual Review of Fluid Mechanics},
   month = {1},
   title = {Slip on Superhydrophobic Surfaces},
   volume = {42},
   year = {2010},
}
@article{Alfredsson2018,
   author = {Alfredsson, P. H. and \"{O}rl\"{u}, R.},
   doi = {10.1007/s10494-018-9908-4},
   issn = {1386-6184},
   issue = {4},
   journal = {Flow, Turbulence and Combustion},
   month = {6},
   title = {Large-Eddy Break Up Devices - a 40 Years Perspective from a Stockholm Horizon},
   volume = {100},
   year = {2018},
}
@article{Zhu2016,
	author = {Zhu, C. and Luo, H. and Li, G.},
	doi = {10.2514/1.J054628},
	issn = {0001-1452},
	journal = {AIAA Journal},
	month = {sep},
	number = {9},
	title = {High-Order Immersed-Boundary Method for Incompressible Flows},
	volume = {54},
	year = {2016}
}
@book{Parnaudeau2004,
   author = {Parnaudeau, P. and Lamballais, E. and Heitz, D. and Silvestrini, J. H.},
   doi = {10.1007/978-1-4020-2313-2_61},
   title = {Combination of the Immersed Boundary Method with Compact Schemes for DNS of Flows in Complex Geometry},
   year = {2004},
   publisher="Springer Netherlands"
}
@article{Arrondeau2020,
   author = {Arrondeau, B. and Rana, Z.A.},
   doi = {10.3390/fluids5040247},
   issn = {23115521},
   issue = {4},
   journal = {Fluids},
   title = {Computational aerodynamics analysis of non-symmetric multi-element wing in ground effect with humpback whale flipper tubercles},
   volume = {5},
   year = {2020},
}
@article{Lamballais2021,
   author = {Narv\'{a}ez, G. F. and Lamballais, E. and Schettini, E. B.},
   doi = {10.1016/j.compfluid.2021.105101},
   journal = {Computers \& Fluids},
   month = {10},
   title = {Simulation of turbulent flow subjected to conjugate heat transfer via a dual immersed boundary method},
   volume = {229},
   year = {2021},
}
@article{Henningson1993,
   author = {Henningson, D. S. and Lundbladh, A. and Johansson, A. V.},
   doi = {10.1017/S0022112093001429},
   issn = {0022-1120},
   journal = {Journal of Fluid Mechanics},
   month = {5},
   title = {A mechanism for bypass transition from localized disturbances in wall-bounded shear flows},
   volume = {250},
   year = {1993},
}
@article{Tardu2008,
   author = {Tardu, S. F. and Nacereddine, R.},
   doi = {10.1243/09544062JMES714},
   issn = {0954-4062},
   issue = {5},
   journal = {Proceedings of the Institution of Mechanical Engineers, Part C: Journal of Mechanical Engineering Science},
   month = {5},
   title = {Towards efficient micromixing by synthetic vortical structures},
   volume = {222},
   year = {2008},
}
@book{Orlandi2000,
   author = {Orlandi, P.},
   publisher = {Springer Science \& Business Media},
   title = {Fluid flow phenomena: a numerical toolkit},
   volume = {55},
   year = {2000},
}
@article{Kasagi1992,
   author = {Kasagi, N. and Tomita, Y. and Kuroda, A.},
   doi = {10.1115/1.2911323},
   issn = {0022-1481},
   issue = {3},
   journal = {Journal of Heat Transfer},
   month = {8},
   pages = {598-606},
   title = {Direct Numerical Simulation of Passive Scalar Field in a Turbulent Channel Flow},
   volume = {114},
   year = {1992},
}
@article{Jeong1995,
   author = {Jeong, J. and Hussain, F.},
   doi = {10.1017/S0022112095000462},
   issn = {0022-1120},
   journal = {Journal of Fluid Mechanics},
   month = {2},
   pages = {69-94},
   title = {On the identification of a vortex},
   volume = {285},
   year = {1995},
}
@article{Henningson1991,
   author = {Henningson, D. S. and Kim, J.},
   doi = {10.1017/S0022112091002677},
   issn = {1750-6859},
   journal = {Journal of Fluid Mechanics Digital Archive},
   month = {7},
   pages = {183},
   title = {On turbulent spots in plane Poiseuille flow},
   volume = {228},
   year = {1991},
}
@article{Alavyoon1986,
   author = {Alavyoon, F. and Henningson, D. S. and Alfredsson, P. H.},
   doi = {10.1063/1.865884},
   issn = {00319171},
   issue = {4},
   journal = {Physics of Fluids},
   pages = {1328},
   title = {Turbulent spots in plane Poiseuille flow–flow visualization},
   volume = {29},
   year = {1986},
}
@article{Doche2021,
   author = {Doche, O. and Tardu, S. and Schillings, J. and Capogna, A.},
   doi = {10.1103/PhysRevFluids.6.094605},
   issn = {2469-990X},
   issue = {9},
   journal = {Physical Review Fluids},
   month = {9},
   pages = {094605},
   title = {Transportation and coherent structures in MHD turbulent channel flow subject to uniform streamwise and spanwise magnetic fields},
   volume = {6},
   year = {2021},
}
@article{Umair2022,
   author = {Umair, M. and Tardu, S. and Doche, O.},
   doi = {10.1103/PhysRevFluids.7.054601},
   issn = {2469-990X},
   issue = {5},
   journal = {Physical Review Fluids},
   month = {5},
   pages = {054601},
   title = {Reynolds stresses transport in a turbulent channel flow subjected to streamwise traveling waves},
   volume = {7},
   year = {2022},
}
@article{Lagha2007,
   author = {Lagha, M.},
   doi = {10.1063/1.2821912},
   issn = {1070-6631},
   issue = {12},
   journal = {Physics of Fluids},
   month = {12},
   pages = {124103},
   title = {Turbulent spots and waves in a model for plane Poiseuille flow},
   volume = {19},
   year = {2007},
}
@article{Carlson1982,
   author = {Carlson, D. R. and Widnall, S. E. and Peeters, M. F.},
   doi = {10.1017/S0022112082002006},
   issn = {0022-1120},
   issue = {-1},
   journal = {Journal of Fluid Mechanics},
   month = {8},
   pages = {487},
   title = {A flow-visualization study of transition in plane Poiseuille flow},
   volume = {121},
   year = {1982},
}
@article{Tardu2012,
   author = {Tardu, S.},
   doi = {10.1016/j.compfluid.2011.11.005},
   issn = {00457930},
   journal = {Computers \& Fluids},
   month = {2},
   pages = {101-108},
   title = {Forcing a low Reynolds number channel flow to generate synthetic turbulent-like structures},
   volume = {55},
   year = {2012},
}
@misc{Poncet2021,
   author = {Poncet, C.},
   institution = {Université Grenoble Alpes},
   title = {Etude de l’influence des paramètres opératoires sur l’intensification du transfert de chaleur en présence d’ultrasons},
   year = {2021},
}
@book{Nellis2008,
   author = {Nellis, G. and Klein, S.},
   publisher = {Cambridge university press},
   title = {Heat transfer},
   year = {2008},
}
@article{Fadlun2000,
   author = {Fadlun, E.A. and Verzicco, R. and Orlandi, P. and Mohd-Yusof, J.},
   doi = {10.1006/jcph.2000.6484},
   issn = {00219991},
   issue = {1},
   journal = {Journal of Computational Physics},
   month = {6},
   title = {Combined Immersed-Boundary Finite-Difference Methods for Three-Dimensional Complex Flow Simulations},
   volume = {161},
   year = {2000},
}
@article{Kim2001,
   author = {Kim, J. and Kim, D. and Choi, H.},
   doi = {10.1006/jcph.2001.6778},
   issn = {00219991},
   issue = {1},
   journal = {Journal of Computational Physics},
   month = {7},
   pages = {132-150},
   title = {An Immersed-Boundary Finite-Volume Method for Simulations of Flow in Complex Geometries},
   volume = {171},
   year = {2001},
}
@article{Orlandi2006,
   author = {Orlandi, P. and Leonardi, S.},
   doi = {10.1080/14685240600827526},
   issn = {1468-5248},
   journal = {Journal of Turbulence},
   month = {1},
   pages = {N73},
   title = {DNS of turbulent channel flows with two- and three-dimensional roughness},
   volume = {7},
   year = {2006},
}
@article{Peskin1982,
   author = {Peskin, C. S.},
   doi = {10.1146/annurev.fl.14.010182.001315},
   issn = {0066-4189},
   issue = {1},
   journal = {Annual Review of Fluid Mechanics},
   month = {1},
   pages = {235-259},
   title = {The Fluid Dynamics of Heart Valves: Experimental, Theoretical, and Computational Methods},
   volume = {14},
   year = {1982},
}
@article{Goldstein1993,
   author = {Goldstein, D. and Handler, R. and Sirovich, L.},
   doi = {10.1006/jcph.1993.1081},
   issn = {00219991},
   issue = {2},
   journal = {Journal of Computational Physics},
   month = {4},
   pages = {354-366},
   title = {Modeling a No-Slip Flow Boundary with an External Force Field},
   volume = {105},
   year = {1993},
}
@article{Ye1999,
   author = {Ye, T. and Mittal, R. and Udaykumar, H.S. and Shyy, W.},
   doi = {10.1006/jcph.1999.6356},
   issn = {00219991},
   issue = {2},
   journal = {Journal of Computational Physics},
   month = {12},
   pages = {209-240},
   title = {An Accurate Cartesian Grid Method for Viscous Incompressible Flows with Complex Immersed Boundaries},
   volume = {156},
   year = {1999},
}
@techreport{MohdYusof1997,
   author = {Mohd-Yusof, J.},
   city = {Center for Turbulence Research, NASA Ames and Stanford University},
   institution = {Annual Research Briefs},
   title = {Combined Immersed-Boundary/B-Spline Methods for Simulations of Flow in Complex Geometries},
   year = {1997},
}
@article{Kim2004,
   author = {Kim, J. and Choi, H.},
   doi = {10.1007/BF02990875},
   issn = {1226-4865},
   issue = {6},
   journal = {KSME International Journal},
   month = {6},
   pages = {1026-1035},
   title = {An immersed-boundary finite-volume method for simulation of heat transfer in complex geometries},
   volume = {18},
   year = {2004},
}
@article{Anika2018,
   author = {Anika, N. N. and Djenidi, L. and Tardu, S.},
   doi = {10.1103/PhysRevFluids.3.084604},
   issn = {2469-990X},
   issue = {8},
   journal = {Physical Review Fluids},
   month = {8},
   pages = {084604},
   title = {Bypass transition mechanism in a rough wall channel flow},
   volume = {3},
   year = {2018},
}
@article{Andersson1999,
   author = {Andersson, P. and Berggren, M. and Henningson, D. S.},
   doi = {10.1063/1.869908},
   issn = {1070-6631},
   issue = {1},
   journal = {Physics of Fluids},
   month = {1},
   title = {Optimal disturbances and bypass transition in boundary layers},
   volume = {11},
   year = {1999},
}
@article{Emmons1951,
   author = {Emmons, H. W.},
   doi = {10.2514/8.2010},
   issn = {1936-9956},
   issue = {7},
   journal = {Journal of the Aeronautical Sciences},
   month = {7},
   pages = {490-498},
   title = {The Laminar-Turbulent Transition in a Boundary Layer-Part I},
   volume = {18},
   year = {1951},
}
@article{Johansson1987,
   author = {Johansson, A. V. and Her, J.-Y. and Haritonidis, J. H.},
   doi = {10.1017/S0022112087000326},
   issn = {0022-1120},
   issue = {-1},
   journal = {Journal of Fluid Mechanics},
   month = {2},
   pages = {119},
   title = {On the generation of high-amplitude wall-pressure peaks in turbulent boundary layers and spots},
   volume = {175},
   year = {1987},
}
@article{Wygnanski1976,
   author = {Wygnanski, I. and Sokolov, M. and Friedman, D.},
   doi = {10.1017/S0022112076002747},
   issn = {0022-1120},
   issue = {04},
   journal = {Journal of Fluid Mechanics},
   month = {12},
   pages = {785},
   title = {On a turbulent ‘spot’ in a laminar boundary layer},
   volume = {78},
   year = {1976},
}
@article{Orszag1980,
   author = {Orszag, S. A. and Kells, L. C.},
   journal = {Journal of Fluid Mechanics},
   pages = {159 - 205},
   title = {Transition to turbulence in plane Poiseuille and plane Couette flow},
   volume = {96},
   year = {1980},
}
@article{Orszag1971,
   author = {Orszag, S. A.},
   doi = {10.1017/S0022112071002842},
   issn = {0022-1120},
   issue = {4},
   journal = {Journal of Fluid Mechanics},
   month = {12},
   pages = {689-703},
   title = {Accurate solution of the Orr–Sommerfeld stability equation},
   volume = {50},
   year = {1971},
}
@article{Stuart1960,
   author = {Stuart, J. T.},
   doi = {10.1017/S002211206000116X},
   issn = {0022-1120},
   issue = {3},
   journal = {Journal of Fluid Mechanics},
   month = {11},
   pages = {353-370},
   title = {On the non-linear mechanics of wave disturbances in stable and unstable parallel flows Part 1. The basic behaviour in plane Poiseuille flow},
   volume = {9},
   year = {1960},
}
@article{Schubauer1955,
   author = {Schubauer, G. B. and Klebanoff, P. S.},
   journal = {NACA TN-3489},
   title = {Contributions on the mechanics of boundary layer transition},
   year = {1955},
}
@article{Morkovin1969,
   author = {Morkovin, M. V.},
   doi = {10.1007/978-1-4899-5579-1_1},
   journal = {Viscous Drag Reduction},
   pages = {1-31},
   publisher = {Springer US},
   title = {On the Many Faces of Transition},
   year = {1969},
}
@article{Henningson1989,
   author = {Henningson, D. S.},
   doi = {10.1063/1.857512},
   issn = {0899-8213},
   issue = {11},
   journal = {Physics of Fluids A: Fluid Dynamics},
   month = {11},
   pages = {1876-1882},
   title = {Wave growth and spreading of a turbulent spot in plane Poiseuille flow},
   volume = {1},
   url = {http://aip.scitation.org/doi/10.1063/1.857512},
   year = {1989},
}
@article{Luchini2000,
   author = {Luchini, P.},
   doi = {10.1017/S0022112099007259},
   issn = {0022-1120},
   journal = {Journal of Fluid Mechanics},
   month = {2},
   pages = {289-309},
   title = {Reynolds-number-independent instability of the boundary layer over a flat surface: optimal perturbations},
   volume = {404},
   year = {2000},
}
@article{Henningson1987,
   author = {Henningson, D. S. and Alfredsson, P. H.},
   doi = {10.1017/S0022112087001289},
   issn = {0022-1120},
   journal = {Journal of Fluid Mechanics},
   month = {5},
   pages = {405-421},
   title = {The wave structure of turbulent spots in plane Poiseuille flow},
   volume = {178},
   year = {1987},
}
@article{GadElHak1981,
   author = {Gad-El-Hak, M. and Blackwelderf, R. F. and Riley, J. J.},
   doi = {10.1017/S002211208100061X},
   issn = {0022-1120},
   journal = {Journal of Fluid Mechanics},
   month = {9},
   pages = {73-95},
   title = {On the growth of turbulent regions in laminar boundary layers},
   volume = {110},
   year = {1981},
}
@article{Glezer1989,
   author = {Glezer, A. and Katz, Y. and Wygnanski, I.},
   doi = {10.1017/S0022112089000017},
   issn = {0022-1120},
   issue = {-1},
   journal = {Journal of Fluid Mechanics},
   month = {1},
   pages = {1},
   title = {On the breakdown of the wave packet trailing a turbulent spot in a laminar boundary layer},
   volume = {198},
   year = {1989},
}
@article{Tardu2011,
   author = {Tardu, S. and Baerenzung, J.},
   journal = {7th Turbulence Shear Flow Phenomena Symposium},
   month = {7},
   pages = {1-6},
   title = {Time and Space development of anisotropy in a spanwise rotating channel},
   url = {hal-00678669},
   year = {2011},
}
@article{Morkovin1994,
   author = {Morkovin, M. V. and Reshotko, E. and Herbert, T.},
   issue = {1882},
   journal = {Bull. Am. Phys. Soc.},
   title = {Transition in open flow systems–a reassessment},
   volume = {39},
   year = {1994},
}
@article{Jeong1997,
   author = {Jeong, J. and Hussain, F. and Schoppa, W. and Kim, J.},
   doi = {10.1017/S0022112096003965},
   issn = {0022-1120},
   journal = {Journal of Fluid Mechanics},
   month = {2},
   pages = {185-214},
   title = {Coherent structures near the wall in a turbulent channel flow},
   volume = {332},
   year = {1997},
}
@article{Jimenez1993,
   author = {Jiménez, J. and Orlandi, P.},
   doi = {10.1017/S0022112093000783},
   issn = {0022-1120},
   journal = {Journal of Fluid Mechanics},
   month = {3},
   pages = {297-313},
   title = {The rollup of a vortex layer near a wall},
   volume = {248},
   year = {1993},
}
@book{Tardu2014,
   author = {Tardu, S.},
   publisher = {John Wiley \& Sons},
   title = {Transport and coherent structures in wall turbulence},
   year = {2014},
}
@article{Leonardi2006,
   author = {Leonardi, S. and Orlandi, P. and Djenidi, L. and Antonia, R. A.},
   doi = {10.1007/s10494-006-9036-4},
   issn = {1386-6184},
   issue = {1-4},
   journal = {Flow, Turbulence and Combustion},
   month = {11},
   pages = {41-57},
   title = {Guidelines for Modeling a 2D Rough Wall Channel Flow},
   volume = {77},
   year = {2006},
}
@book{Townsend1976,
   author = {Townsend, A. A. R.},
   publisher = {Cambridge university press},
   title = {The structure of turbulent shear flow},
   year = {1976},
}
@article{Wu2017,
   author = {Wu, X. and Moin, P. and Wallace, J. M. and Skarda, J. and Lozano-Durán, A. and Hickey, J.-P.},
   doi = {10.1073/pnas.1704671114},
   issn = {0027-8424},
   issue = {27},
   journal = {Proceedings of the National Academy of Sciences},
   month = {7},
   title = {Transitional–turbulent spots and turbulent–turbulent spots in boundary layers},
   volume = {114},
   year = {2017},
}

@article{Kim1987,
   author = {Kim, J. and Moin, P. and Moser, R.},
   doi = {10.1017/S0022112087000892},
   issn = {0022-1120},
   journal = {Journal of Fluid Mechanics},
   month = {4},
   pages = {133-166},
   title = {Turbulence statistics in fully developed channel flow at low Reynolds number},
   volume = {177},
   year = {1987},
}
@article{Schoppa2002,
   author = {Schoppa, W. and Hussain, F.},
   doi = {10.1017/S002211200100667X},
   issn = {0022-1120},
   journal = {Journal of Fluid Mechanics},
   month = {2},
   pages = {57-108},
   title = {Coherent structure generation in near-wall turbulence},
   volume = {453},
   year = {2002},
}
@article{Herbert1988,
   author = {Herbert, T.},
   doi = {10.1146/annurev.fl.20.010188.002415},
   issn = {0066-4189},
   issue = {1},
   journal = {Annual Review of Fluid Mechanics},
   month = {1},
   pages = {487-526},
   title = {Secondary Instability of Boundary Layers},
   volume = {20},
   year = {1988},
}
@article{Wygnanski1979,
   author = {Wygnanski, I. and Haritonidis, J. H. and Kaplan, R. E.},
   doi = {10.1017/S0022112079000756},
   issn = {0022-1120},
   issue = {3},
   journal = {Journal of Fluid Mechanics},
   month = {6},
   pages = {505-528},
   title = {On a Tollmien-Schlichting wave packet produced by a turbulent spot},
   volume = {92},
   year = {1979},
}
@article{Chambers1983,
   author = {Chambers, F. W. and Thomas, A. S. W.},
   doi = {10.1063/1.864276},
   issn = {00319171},
   issue = {5},
   journal = {Physics of Fluids},
   pages = {1160},
   title = {Turbulent spots, wave packets, and growth},
   volume = {26},
   year = {1983},
}
@article{Tardu2017,
   author = {Tardu, S.},
   doi = {10.1016/j.ijheatfluidflow.2017.03.006},
   issn = {0142727X},
   journal = {International Journal of Heat and Fluid Flow},
   month = {10},
   pages = {104-115},
   title = {Near wall dissipation revisited},
   volume = {67},
   year = {2017},
}
@article{Tardu2017b,
   author = {Tardu, S. and Bauer, F.},
   doi = {10.1016/j.compfluid.2017.02.014},
   issn = {00457930},
   journal = {Computers \& Fluids},
   month = {4},
   pages = {82-102},
   title = {Fine structure of the production in low to medium Reynolds number wall turbulence},
   volume = {148},
   year = {2017},
}
@article{Tardu2017c,
   author = {Tardu, S.},
   doi = {10.1063/1.4974513},
   issn = {1070-6631},
   issue = {2},
   journal = {Physics of Fluids},
   month = {2},
   pages = {020713},
   title = {On the topology of wall turbulence in physical space},
   volume = {29},
   year = {2017},
}
@article{Ikeda2007,
   author = {Ikeda, T. and Durbin, P. A.},
   doi = {10.1017/S002211200600334X},
   issn = {0022-1120},
   journal = {Journal of Fluid Mechanics},
   month = {1},
   pages = {235-263},
   title = {Direct simulations of a rough-wall channel flow},
   volume = {571},
   year = {2007},
}
@inproceedings{2decomp2010,
  author={Li, N. and Laizet, S.},
  title={2decomp \& fft-a highly scalable 2d decomposition library and fft interface},
  booktitle={Cray user group 2010 conference},
  pages={1--13},
  year={2010}
}
@article{Ferziger2002,
  author={Ferziger, J. H. and Peric, M.},
  title={Computational methods for fluid dynamics (3rd edition)},
  journal={Springer},
  year={2002}
}
@article{Kim1985,
   author = {Kim, J. and Moin, P.},
   doi = {10.1016/0021-9991(85)90148-2},
   issn = {00219991},
   issue = {2},
   journal = {Journal of Computational Physics},
   month = {6},
   pages = {308-323},
   title = {Application of a fractional-step method to incompressible Navier-Stokes equations},
   volume = {59},
   year = {1985},
}
@article{Arenas2019,
   author = {Arenas, I. and García, E. and Fu, M. K. and Orlandi, P. and Hultmark, M. and Leonardi, S.},
   doi = {10.1017/jfm.2019.222},
   issn = {0022-1120},
   journal = {Journal of Fluid Mechanics},
   month = {6},
   pages = {500-525},
   title = {Comparison between super-hydrophobic, liquid infused and rough surfaces: a direct numerical simulation study},
   volume = {869},
   year = {2019},
}
@article{Laizet2009,
   author = {Laizet, S. and Lamballais, E.},
   doi = {10.1016/j.jcp.2009.05.010},
   issn = {00219991},
   issue = {16},
   journal = {Journal of Computational Physics},
   month = {9},
   pages = {5989-6015},
   title = {High-order compact schemes for incompressible flows: A simple and efficient method with quasi-spectral accuracy},
   volume = {228},
   year = {2009},
}
@article{Jimenez1991,
   author = {Jiménez, J. and Moin, P.},
   doi = {10.1017/S0022112091002033},
   issn = {0022-1120},
   journal = {Journal of Fluid Mechanics},
   month = {4},
   pages = {213-240},
   title = {The minimal flow unit in near-wall turbulence},
   volume = {225},
   year = {1991},
}
@book{toro1997,
  author={Toro, E. F.},
  title={Riemann solvers and numerical methods for fluid dynamics: a practical introduction},
  year={1997},
  publisher={Springer Science \& Business Media}
}
@book{chung2002,
  author={Chung, T. J.},
  title={Computational fluid dynamics},
  year={2002},
  publisher={Cambridge university press}
}
@article{Orlandi2016,
   author = {Orlandi, P. and Sassun, D. and Leonardi, S.},
   doi = {10.1016/j.ijheatmasstransfer.2016.04.035},
   issn = {00179310},
   journal = {International Journal of Heat and Mass Transfer},
   month = {9},
   pages = {250-266},
   title = {DNS of conjugate heat transfer in presence of rough surfaces},
   volume = {100},
   year = {2016},
}
@article{Arrondeau2022,
   author = {Arrondeau, B. and Tardu, S. and Doche, O.},
   city = {Connecticut},
   doi = {10.1615/ICHMT.2022.CONV22.790},
   isbn = {978-1-56700-523-3},
   journal = {Proceedings of CONV-22: Int. Symp. on Convective Heat and Mass Transfer June 5 – 10, 2022, Turkey},
   pages = {623-630},
   publisher = {Begellhouse},
   title = {Thermal and dynamic similarity between a transitional spot and fully developed turbulent wall flow},
   year = {2022},
}
@misc{Tsoutsanis_Lecture,
   author = {Tsoutsanis, T. and Antoniadis, A.},
   institution = {Cranfield University, MSc in CFD},
   title = {High Performance Computing, Lecture Notes},
   year={2019}
}
@article{Sengupta2003,
   author = {Sengupta, T. K. and Ganeriwal, G. and De, S.},
   doi = {10.1016/j.jcp.2003.07.015},
   issn = {00219991},
   issue = {2},
   journal = {Journal of Computational Physics},
   month = {12},
   pages = {677-694},
   title = {Analysis of central and upwind compact schemes},
   volume = {192},
   year = {2003},
}
@article{Crank1947,
   author = {Crank, J. and Nicolson, P.},
   doi = {10.1017/S0305004100023197},
   issn = {0305-0041},
   issue = {1},
   journal = {Mathematical Proceedings of the Cambridge Philosophical Society},
   month = {1},
   pages = {50-67},
   title = {A practical method for numerical evaluation of solutions of partial differential equations of the heat-conduction type},
   volume = {43},
   year = {1947},
}
@article{Lele1992,
   author = {Lele, S. K.},
   doi = {10.1016/0021-9991(92)90324-R},
   issn = {00219991},
   issue = {1},
   journal = {Journal of Computational Physics},
   month = {11},
   pages = {16-42},
   title = {Compact finite difference schemes with spectral-like resolution},
   volume = {103},
   year = {1992},
}
@article{Tam1993,
   author = {Tam, C. K. W. and Webb, J. C.},
   doi = {10.1006/jcph.1993.1142},
   issn = {00219991},
   issue = {2},
   journal = {Journal of Computational Physics},
   month = {8},
   pages = {262-281},
   title = {Dispersion-Relation-Preserving Finite Difference Schemes for Computational Acoustics},
   volume = {107},
   year = {1993},
}
@article{Hirsh1975,
   author = {Hirsh, R. S.},
   doi = {10.1016/0021-9991(75)90118-7},
   issn = {00219991},
   issue = {1},
   journal = {Journal of Computational Physics},
   month = {9},
   pages = {90-109},
   title = {Higher order accurate difference solutions of fluid mechanics problems by a compact differencing technique},
   volume = {19},
   year = {1975},
}
@article{Mahesh1998,
   author = {Mahesh, K.},
   doi = {10.1006/jcph.1998.6022},
   issn = {00219991},
   issue = {1},
   journal = {Journal of Computational Physics},
   month = {9},
   pages = {332-358},
   title = {A Family of High Order Finite Difference Schemes with Good Spectral Resolution},
   volume = {145},
   year = {1998},
}
@article{kolmogorov1941,
  author={Kolmogorov, A. N.},
  title={The local structure of turbulence in incompressible viscous fluid for very large Reynolds numbers},
  journal={Cr Acad. Sci. URSS},
  volume={30},
  pages={301--305},
  year={1941}
}
@book{pope2000,
  title={Turbulent flows},
  author={Pope, S. B.},
  year={2000},
  publisher={Cambridge university press}
}
@article{Lee2015,
   author = {Lee, M. and Moser, R. D.},
   doi = {10.1017/jfm.2015.268},
   issn = {0022-1120},
   journal = {Journal of Fluid Mechanics},
   month = {7},
   pages = {395-415},
   title = {Direct numerical simulation of turbulent channel flow up to $Re_{\tau}=5,200$},
   volume = {774},
   year = {2015},
}
@article{Lee2013,
   author = {Lee, M. and Malaya, N. and Moser, R. D.},
   city = {New York, NY, USA},
   doi = {10.1145/2503210.2503298},
   isbn = {9781450323789},
   journal = {Proceedings of the International Conference on High Performance Computing, Networking, Storage and Analysis},
   month = {11},
   pages = {1-11},
   publisher = {ACM},
   title = {Petascale direct numerical simulation of turbulent channel flow on up to 786K cores},
   year = {2013},
}
@article{Lee2014,
   author = {Lee, M. and Ulerich, R. and Malaya, N. and Moser, R. D.},
   doi = {10.1109/MCSE.2014.51},
   issn = {1521-9615},
   issue = {5},
   journal = {Computing in Science \& Engineering},
   month = {9},
   pages = {24-31},
   title = {Experiences from Leadership Computing in Simulations of Turbulent Fluid Flows},
   volume = {16},
   year = {2014},
}
@article{chen1998,
  author={Chen, S. and Doolen, G. D.},
  title={Lattice Boltzmann method for fluid flows},
  doi = {10.1146/annurev.fluid.30.1.329},
  journal={Annual review of fluid mechanics},
  volume={30},
  number={1},
  pages={329--364},
  year={1998},
  publisher={Annual Reviews 4139 El Camino Way, PO Box 10139, Palo Alto, CA 94303-0139, USA}
}
@book{mohamad2011,
  author={Mohamad, A. A.},
  title={Lattice boltzmann method},
  volume={70},
  year={2011},
  publisher={Springer}
}
@misc{Teschner_Lecture,
   author = {Teschner, T.-R.},
   institution = {Cranfield University, MSc in CFD},
   title = {CFD for Micro and Nano flows - An Introduction to Molecular Dynamics and the lattice-Boltzmann Method, Lecture Notes},
   year={2019},
}
@article{Yamamoto2018,
   author = {Yamamoto, Y. and Tsuji, Y.},
   doi = {10.1103/PhysRevFluids.3.012602},
   issn = {2469-990X},
   issue = {1},
   journal = {Physical Review Fluids},
   month = {1},
   pages = {012602},
   title = {Numerical evidence of logarithmic regions in channel flow at $Re_{\tau}=8000$},
   volume = {3},
   year = {2018},
}
@book{demmel1997,
  author={Demmel, J. W.},
  title={Applied numerical linear algebra},
  year={1997},
  publisher={SIAM}
}
@techreport{Lundbladh1999,
    author = {Lundbladh, A. and Berlin, S. and Skote, M. and Hildings, C. and Henningson, D. S.},
    year = {1999},
    title = {An Efficient Spectral Method for Simulation of Incompressible Flow Over a Flat Plate},
    institution={Department of Mechanics, Royal Institute of Technology, KTH},
    type = {Technical report \uppercase{TRITA-MEK}}
}
@article{Schlatter2005,
   author = {Schlatter, P. and Adams, N. A. and Kleiser, L.},
   doi = {10.1016/j.jcp.2004.12.015},
   issn = {00219991},
   issue = {2},
   journal = {Journal of Computational Physics},
   month = {7},
   pages = {505-535},
   title = {A windowing method for periodic inflow/outflow boundary treatment of non-periodic flows},
   volume = {206},
   year = {2005},
}

@phdthesis{Jarrin2008_PhDthesis,
	author = {Jarrin, N.},
	school = {University of Manchester},
	title = {Synthetic in ow boundary conditions for the numerical simulation of turbulence},
	year = {2008}
}
@article{DiGiorgio2020,
   author = {Di Giorgio, S. and Leonardi, S. and Pirozzoli, S. and Orlandi, P.},
   doi = {10.1016/j.ijheatfluidflow.2020.108663},
   issn = {0142727X},
   journal = {International Journal of Heat and Fluid Flow},
   month = {12},
   pages = {108663},
   title = {On the relationship between drag and vertical velocity fluctuations in flow over riblets and liquid infused surfaces},
   volume = {86},
   year = {2020},
}
@article{Hunt1988,
  author={Hunt, J. C. R. and Wray, A. A. and Moin, P.},
  title={Eddies, streams, and convergence zones in turbulent flows},
  journal={Studying turbulence using numerical simulation databases, 2. Proceedings of the 1988 summer program},
  year={1988}
}
@article{Chong1990,
  author={Chong, M. S. and Perry, A. E. and Cantwell, B. J.},
  title={A general classification of three-dimensional flow fields},
  doi = {10.1063/1.857730},
  journal={Physics of Fluids A: Fluid Dynamics},
  volume={2},
  number={5},
  pages={765--777},
  year={1990},
  publisher={American Institute of Physics}
}
@article{Jiang2005,
  author={Jiang, M. and Machiraju, R. and Thompson, D.},
  title={Detection and visualization of vortices},
  journal={The visualization handbook},
  volume={295},
  year={2005}
}
@article{Pierce2013,
   author = {Pierce, B. and Moin, P. and Sayadi, T.},
   doi = {10.1063/1.4774340},
   issn = {1070-6631},
   issue = {1},
   journal = {Physics of Fluids},
   month = {1},
   pages = {015102},
   title = {Application of vortex identification schemes to direct numerical simulation data of a transitional boundary layer},
   volume = {25},
   year = {2013},
}
@article{Dong2016,
   author = {Dong, Y. and Yan, Y. and Liu, C.},
   doi = {10.1016/j.apm.2015.04.059},
   issn = {0307904X},
   issue = {1},
   journal = {Applied Mathematical Modelling},
   month = {1},
   pages = {500-509},
   title = {New visualization method for vortex structure in turbulence by lambda2 and vortex filaments},
   volume = {40},
   year = {2016},
}
@book{lesieur2014,
  title={Turbulence (Edition 2013)},
  author={Lesieur, M.},
  year={2014},
  publisher={EDP sciences}
}
@article{Sreenivasan2019,
   author = {Sreenivasan, K. R.},
   doi = {10.1073/pnas.1800463115},
   issn = {0027-8424},
   issue = {37},
   journal = {Proceedings of the National Academy of Sciences},
   month = {9},
   pages = {18175-18183},
   title = {Turbulent mixing: A perspective},
   volume = {116},
   year = {2019},
}
@article{Dimotakis2005,
   author = {Dimotakis, P. E.},
   doi = {10.1146/annurev.fluid.36.050802.122015},
   issn = {0066-4189},
   issue = {1},
   journal = {Annual Review of Fluid Mechanics},
   month = {1},
   pages = {329-356},
   title = {Turbulent Mixing},
   volume = {37},
   year = {2005},
}
@article{Warhaft2000,
   author = {Warhaft, Z.},
   doi = {10.1146/annurev.fluid.32.1.203},
   issn = {0066-4189},
   issue = {1},
   journal = {Annual Review of Fluid Mechanics},
   month = {1},
   pages = {203-240},
   title = {Passive Scalars in Turbulent Flows},
   volume = {32},
   year = {2000},
}
@article{Yakhot2008,
   author = {Yakhot, V.},
   doi = {10.1017/S0022112008001791},
   issn = {0022-1120},
   journal = {Journal of Fluid Mechanics},
   month = {7},
   pages = {325-337},
   title = {Dissipation-scale fluctuations and mixing transition in turbulent flows},
   volume = {606},
   year = {2008},
}
@article{Reynolds1883,
   author = {Reynolds, O.},
   doi = {10.1098/rstl.1883.0029},
   issn = {0261-0523},
   journal = {Philosophical Transactions of the Royal Society of London},
   month = {12},
   pages = {935-982},
   title = {XXIX. An experimental investigation of the circumstances which determine whether the motion of water shall be direct or sinuous, and of the law of resistance in parallel channels},
   volume = {174},
   year = {1883},
}
@article{Reshotko2008,
  title={Paths to transition in wall layers},
  author={Reshotko, E.},
  journal={Papers presented during the AVT-151 RTO AVT/VKI Lecture Series held at the von K{\'a}rm{\'a}n Institute, Rhode St. Gense, Belgium},
  pages={9--12},
  year={2008}
}
@article{Kadivar2021,
   author = {Kadivar, M. and Tormey, D. and McGranaghan, G.},
   doi = {10.1016/j.ijft.2021.100077},
   issn = {26662027},
   journal = {International Journal of Thermofluids},
   month = {5},
   pages = {100077},
   title = {A review on turbulent flow over rough surfaces: Fundamentals and theories},
   volume = {10},
   year = {2021},
}
@article{Vadlamani2018,
   author = {Vadlamani, N. R. and Tucker, P. G. and Durbin, P.},
   doi = {10.1007/s10494-017-9864-4},
   issn = {1386-6184},
   issue = {3},
   journal = {Flow, Turbulence and Combustion},
   month = {4},
   pages = {627-649},
   title = {Distributed Roughness Effects on Transitional and Turbulent Boundary Layers},
   volume = {100},
   year = {2018},
}
@book{Moser1984,
  title={Direct numerical simulation of curved turbulent channel flow},
  author={Moser, R.},
  year={1984},
  publisher={Stanford University}
}
@article{Hoyas2006,
   author = {Hoyas, S. and Jiménez, J.},
   doi = {10.1063/1.2162185},
   issn = {1070-6631},
   issue = {1},
   journal = {Physics of Fluids},
   month = {1},
   pages = {011702},
   title = {Scaling of the velocity fluctuations in turbulent channels up to $Re_{\tau}=2003$},
   volume = {18},
   year = {2006},
}
@article{Robinson1991,
   author = {Robinson, S. K.},
   doi = {10.1146/annurev.fl.23.010191.003125},
   issn = {0066-4189},
   issue = {1},
   journal = {Annual Review of Fluid Mechanics},
   month = {1},
   pages = {601-639},
   title = {Coherent Motions in the Turbulent Boundary Layer},
   volume = {23},
   year = {1991},
}
@article{Jimenez1994,
   author = {Jiménez, J.},
   doi = {10.1063/1.868327},
   issn = {1070-6631},
   issue = {2},
   journal = {Physics of Fluids},
   month = {2},
   pages = {944-953},
   title = {On the structure and control of near wall turbulence},
   volume = {6},
   year = {1994},
}
@techreport{Mansour1988,
   author = {Mansour, N. N. and Kim, J. and Moin, P.},
   title = {Reynolds-Stress and Dissipation Rate Budgets in a Turbulent Channel Flow},
   institution = {NASA Ames Research Center},
   year = {1988},
}
@article{Handler1999,
   author = {Handler, R. A. and Saylor, J. R. and Leighton, R. I. and Rovelstad, A. L.},
   doi = {10.1063/1.870123},
   issn = {1070-6631},
   issue = {9},
   journal = {Physics of Fluids},
   month = {9},
   pages = {2607-2625},
   title = {Transport of a passive scalar at a shear-free boundary in fully developed turbulent open channel flow},
   volume = {11},
   year = {1999},
}
@article{Gallorini2022,
   author = {Gallorini, E. and Quadrio, M. and Gatti, D.},
   doi = {10.1103/PhysRevFluids.7.114602},
   issn = {2469-990X},
   issue = {11},
   journal = {Physical Review Fluids},
   month = {11},
   pages = {114602},
   title = {Coherent near-wall structures and drag reduction by spanwise forcing},
   volume = {7},
   year = {2022},
}
@article{Jimenez2018,
   author = {Jiménez, J.},
   doi = {10.1017/jfm.2018.144},
   issn = {0022-1120},
   journal = {Journal of Fluid Mechanics},
   month = {5},
   pages = {P1},
   title = {Coherent structures in wall-bounded turbulence},
   volume = {842},
   year = {2018},
}
@article{Jimenez1999,
   author = {Jiménez, J. and Pinelli, A.},
   doi = {10.1017/S0022112099005066},
   issn = {0022-1120},
   journal = {Journal of Fluid Mechanics},
   month = {6},
   pages = {335-359},
   title = {The autonomous cycle of near-wall turbulence},
   volume = {389},
   year = {1999},
}
@book{Jimenez2013,
   author = {Jimenez, J. and Kawahara, G.},
   publisher = {Cambridge University Press},
   journal = {Ten Chapters in Turbulence},
   pages = {221-269},
   title = {Dynamics of wall-bounded turbulence},
   year = {2013},
}
@article{Avila2011,
   author = {Avila, K. and Moxey, D. and De Lozar, A. and Avila, M. and Barkley, D. and Hof, B.},
   doi = {10.1126/science.1203223},
   issn = {0036-8075},
   issue = {6039},
   journal = {Science},
   month = {7},
   pages = {192-196},
   title = {The Onset of Turbulence in Pipe Flow},
   volume = {333},
   year = {2011},
}
@article{Miyake2001,
   author = {Miyake, Y. and Tsujimoto, K. and Nakaji, M.},
   doi = {10.1016/S0142-727X(01)00085-6},
   issn = {0142727X},
   issue = {3},
   journal = {International Journal of Heat and Fluid Flow},
   month = {6},
   pages = {237-244},
   title = {Direct numerical simulation of rough-wall heat transfer in a turbulent channel flow},
   volume = {22},
   year = {2001},
}
@book{richardson1922,
  title={Weather prediction by numerical process},
  author={Richardson, L. F.},
  year={1922},
  publisher={University Press}
}
@article{Sano2016,
   author = {Sano, M. and Tamai, K.},
   doi = {10.1038/nphys3659},
   issn = {1745-2473},
   issue = {3},
   journal = {Nature Physics},
   month = {3},
   pages = {249-253},
   title = {A universal transition to turbulence in channel flow},
   volume = {12},
   year = {2016},
}
@article{mack1977,
  title={Transition prediction and linear stability theory},
  author={Mack, L. M.},
  journal={In AGARD Laminar-Turbulent Transition},
  year={1977}
}
@book{Kosorygin1990,
   author = {Kosorygin, V. S. and Polyakov, N. Ph.},
   city = {Berlin, Heidelberg},
   doi = {10.1007/978-3-642-84103-3_53},
   journal = {Laminar-Turbulent Transition},
   pages = {573-578},
   publisher = {Springer Berlin Heidelberg},
   title = {Laminar Boundary Layers in Turbulent Flows},
   year = {1990},
}
@article{Lundell2009,
    author = {Lundell, F. and Monokrousos, A. and Brandt, L.},
    year = {2009},
    month = {01},
    title = {Feedback Control of Boundary Layer Bypass Transition: Experimental and Numerical Progress},
    journal = {47th AIAA Aerospace Sciences Meeting including the New Horizons Forum and Aerospace Exposition},
    doi = {10.2514/6.2009-612}
}
@article{Arrondeau2023,
   author = {Arrondeau, B. and Tardu, S. and Doche, O.},
   doi = {10.1016/j.ijheatmasstransfer.2023.123930},
   issn = {00179310},
   journal = {International Journal of Heat and Mass Transfer},
   month = {6},
   pages = {123930},
   title = {Passive scalar transport in a turbulent spot within a poiseuille flow},
   volume = {206},
   year = {2023},
}
@techreport{Nikuradse1933,
   author = {Nikuradse, J.},
   institution = {Translated in NACA Tech. Memo. No. 1292, 1050},
   title = {Stromungsgesetze in Rauhem Rohren. (Laws of Turbulent Pipe Flow in Smooth Pipes.)},
   year = {1933},
}
@article{Dipprey1963,
   author = {Dipprey, D. F. and Sabersky, R. H.},
   doi = {10.1016/0017-9310(63)90097-8},
   issn = {00179310},
   issue = {5},
   journal = {International Journal of Heat and Mass Transfer},
   month = {5},
   pages = {329-353},
   title = {Heat and momentum transfer in smooth and rough tubes at various prandtl numbers},
   volume = {6},
   year = {1963},
}
@article{Guo2015,
   author = {Guo, L. and Xu, H. and Gong, L.},
   doi = {10.1016/j.applthermaleng.2015.04.001},
   issn = {13594311},
   journal = {Applied Thermal Engineering},
   month = {6},
   pages = {399-408},
   title = {Influence of wall roughness models on fluid flow and heat transfer in microchannels},
   volume = {84},
   year = {2015},
}
@article{Laizet2010,
   author = {Laizet, S. and Lamballais, E. and Vassilicos, J. C.},
   doi = {10.1016/j.compfluid.2009.09.018},
   issn = {00457930},
   issue = {3},
   journal = {Computers \& Fluids},
   month = {3},
   pages = {471-484},
   title = {A numerical strategy to combine high-order schemes, complex geometry and parallel computing for high resolution DNS of fractal generated turbulence},
   volume = {39},
   year = {2010},
}
@article{Buffat2014,
   author = {Buffat, M. and Le Penven, L. and Cadiou, A. and Montagnier, J.},
   doi = {10.1016/j.euromechflu.2013.06.009},
   issn = {09977546},
   journal = {European Journal of Mechanics - B/Fluids},
   month = {1},
   pages = {1-13},
   title = {DNS of bypass transition in entrance channel flow induced by boundary layer interaction},
   volume = {43},
   year = {2014},
}
@article{Clauser1954,
   author = {Clauser, F. H.},
   doi = {10.2514/8.2938},
   issn = {1936-9956},
   issue = {2},
   journal = {Journal of the Aeronautical Sciences},
   month = {2},
   pages = {91-108},
   title = {Turbulent Boundary Layers in Adverse Pressure Gradients},
   volume = {21},
   year = {1954},
}
@article{Perry1969,
  doi = {10.1017/S0022112069000619},
  title={Rough wall turbulent boundary layers},
  author={Perry, A. E. and Schofield, W. H. and Joubert, P. N.},
  journal={Journal of Fluid Mechanics},
  volume={37},
  number={2},
  pages={383--413},
  year={1969},
  publisher={Cambridge University Press}
}
@article{Leonardi2007,
   author = {Leonardi, S. and Orlandi, P. and Antonia, R. A.},
   doi = {10.1063/1.2821908},
   issn = {1070-6631},
   issue = {12},
   journal = {Physics of Fluids},
   month = {12},
   pages = {125101},
   title = {Properties of d- and k-type roughness in a turbulent channel flow},
   volume = {19},
   year = {2007},
}
@article{Bakken2005,
   author = {Bakken, O. M. and Krogstad, P-Å and Ashrafian, A. and Andersson, H. I.},
   doi = {10.1063/1.1900146},
   issn = {1070-6631},
   issue = {6},
   journal = {Physics of Fluids},
   month = {6},
   pages = {065101},
   title = {Reynolds number effects in the outer layer of the turbulent flow in a channel with rough walls},
   volume = {17},
   year = {2005},
}
@article{Moody1944,
  title={Friction factors for pipe flow},
  author={Moody, L. F.},
  journal={Transactions of the American Society of Mechanical Engineers},
  volume={66},
  number={8},
  pages={671--678},
  year={1944},
  publisher={American Society of Mechanical Engineers}
}
@article{Prandtl1955,
  title={The resistance law for rough plates},
  author={Prandtl, L.},
  journal={David W. Taylor Model Basin, Navy Department, Washington DC, Translation 258},
  year={1955}
}
@article{Granville1958,
  title={The frictional resistance and turbulent boundary layer of rough surfaces},
  doi = {10.5957/jsr.1958.2.4.52},
  author={Granville, P. S.},
  journal={Journal of ship research},
  volume={2},
  number={04},
  pages={52--74},
  year={1958},
  publisher={SNAME}
}
@article{Chung2015,
   author = {Chung, D. and Chan, L. and MacDonald, M. and Hutchins, N. and Ooi, A.},
   doi = {10.1017/jfm.2015.230},
   issn = {0022-1120},
   journal = {Journal of Fluid Mechanics},
   month = {6},
   pages = {418-431},
   title = {A fast direct numerical simulation method for characterising hydraulic roughness},
   volume = {773},
   year = {2015},
}
@article{Flores2010,
   author = {Flores, O. and Jiménez, J.},
   doi = {10.1063/1.3464157},
   issn = {1070-6631},
   issue = {7},
   journal = {Physics of Fluids},
   month = {7},
   pages = {071704},
   title = {Hierarchy of minimal flow units in the logarithmic layer},
   volume = {22},
   year = {2010},
}
@article{Raupach1991,
   author = {Raupach, M. R. and Antonia, R. A. and Rajagopalan, S.},
   doi = {10.1115/1.3119492},
   issn = {0003-6900},
   issue = {1},
   journal = {Applied Mechanics Reviews},
   month = {1},
   pages = {1-25},
   title = {Rough-Wall Turbulent Boundary Layers},
   volume = {44},
   year = {1991},
}
@article{Jimenez2004,
  title={Turbulent flows over rough walls},
  doi = {10.1146/annurev.fluid.36.050802.122103},
  author={Jim{\'e}nez, J.},
  journal={Annu. Rev. Fluid Mech.},
  volume={36},
  pages={173--196},
  year={2004},
  publisher={Annual Reviews}
}
@article{Ashrafian2004,
   author = {Ashrafian, A. and Andersson, H. I. and Manhart, M.},
   doi = {10.1016/j.ijheatfluidflow.2004.02.004},
   issn = {0142727X},
   issue = {3},
   journal = {International Journal of Heat and Fluid Flow},
   month = {6},
   pages = {373-383},
   title = {DNS of turbulent flow in a rod-roughened channel},
   volume = {25},
   year = {2004},
}
@article{Djenidi1999,
   author = {Djenidi, L. and Elavarasan, R. and Antonia, R. A.},
   doi = {10.1017/S0022112099005911},
   issn = {0022-1120},
   journal = {Journal of Fluid Mechanics},
   month = {9},
   pages = {271-294},
   title = {The turbulent boundary layer over transverse square cavities},
   volume = {395},
   year = {1999},
}
@article{Lee2007,
   author = {Lee, S.-H. and Sung, H. J.},
   doi = {10.1017/S0022112007006465},
   issn = {0022-1120},
   journal = {Journal of Fluid Mechanics},
   month = {8},
   pages = {125-146},
   title = {Direct numerical simulation of the turbulent boundary layer over a rod-roughened wall},
   volume = {584},
   year = {2007},
}
@article{Hanjalic1972,
   author = {Hanjalić, K. and Launder, B. E.},
   doi = {10.1017/S0022112072001211},
   issn = {0022-1120},
   issue = {2},
   journal = {Journal of Fluid Mechanics},
   month = {1},
   pages = {301-335},
   title = {Fully developed asymmetric flow in a plane channel},
   volume = {51},
   year = {1972},
}
@article{Lee2011,
   author = {Lee, J. H. and Sung, H. J. and Krogstad,  P.-Å.},
   doi = {10.1017/S0022112010005082},
   issn = {0022-1120},
   journal = {Journal of Fluid Mechanics},
   month = {2},
   pages = {397-431},
   title = {Direct numerical simulation of the turbulent boundary layer over a cube-roughened wall},
   volume = {669},
   year = {2011},
}
@article{Chatzikyriakou2015,
   author = {Chatzikyriakou, D. and Buongiorno, J. and Caviezel, D. and Lakehal, D.},
   doi = {10.1016/j.ijheatfluidflow.2015.01.002},
   issn = {0142727X},
   journal = {International Journal of Heat and Fluid Flow},
   month = {6},
   pages = {29-43},
   title = {DNS and LES of turbulent flow in a closed channel featuring a pattern of hemispherical roughness elements},
   volume = {53},
   year = {2015},
}
@article{Khezerloo2021,
   author = {Khezerloo, M. and Djenidi, L. and Tardu, S.},
   doi = {10.1016/j.icheatmasstransfer.2021.105377},
   issn = {07351933},
   journal = {International Communications in Heat and Mass Transfer},
   month = {7},
   pages = {105377},
   title = {Combined effect of roughness and suction on heat transfer in a laminar channel flow},
   volume = {126},
   year = {2021},
}
@article{Leonardi2015,
   author = {Leonardi, S. and Orlandi, P. and Djenidi, L. and Antonia,  R. A.},
   doi = {10.1017/jfm.2015.344},
   issn = {0022-1120},
   journal = {Journal of Fluid Mechanics},
   month = {8},
   pages = {512-530},
   title = {Heat transfer in a turbulent channel flow with square bars or circular rods on one wall},
   volume = {776},
   year = {2015},
}
@article{Sheikholeslami2015,
   author = {Sheikholeslami, M. and Gorji-Bandpy, M. and Ganji, D. D.},
   doi = {10.1016/j.rser.2015.04.113},
   issn = {13640321},
   journal = {Renewable and Sustainable Energy Reviews},
   month = {9},
   pages = {444-469},
   title = {Review of heat transfer enhancement methods: Focus on passive methods using swirl flow devices},
   volume = {49},
   year = {2015},
}
@article{Maradiya2018,
   author = {Maradiya, C. and Vadher, J. and Agarwal, R.},
   doi = {10.1016/j.bjbas.2017.10.001},
   issn = {23148535},
   issue = {1},
   journal = {Beni-Suef University Journal of Basic and Applied Sciences},
   month = {3},
   pages = {1-21},
   title = {The heat transfer enhancement techniques and their Thermal Performance Factor},
   volume = {7},
   year = {2018},
}
@article{Lin2012,
   author = {Lin, T.-Y. and Kandlikar, S. G.},
   doi = {10.1115/1.4006844},
   issn = {0022-1481},
   issue = {10},
   journal = {Journal of Heat Transfer},
   month = {10},
   title = {An Experimental Investigation of Structured Roughness Effect on Heat Transfer During Single-Phase Liquid Flow at Microscale},
   volume = {134},
   year = {2012},
}
@article{Li2011,
   author = {Li, X.-W. and Meng, J.-A. and Li, Z.-X.},
   doi = {10.1016/j.ijheatmasstransfer.2010.12.039},
   issn = {00179310},
   issue = {9-10},
   journal = {International Journal of Heat and Mass Transfer},
   month = {4},
   pages = {1775-1781},
   title = {Roughness enhanced mechanism for turbulent convective heat transfer},
   volume = {54},
   year = {2011},
}
@article{Bhaganagar2004,
   author = {Bhaganagar, K. and Kim, J. and Coleman, G.},
   doi = {10.1023/B:APPL.0000044407.34121.64},
   issn = {1386-6184},
   issue = {2-4},
   journal = {Flow, Turbulence and Combustion formerly `Applied Scientific Research'},
   pages = {463-492},
   title = {Effect of Roughness on Wall-Bounded Turbulence},
   volume = {72},
   year = {2004},
}
@article{Zhang2010,
   author = {Zhang, C. and Chen,  Y. and Shi, M.},
   doi = {10.1016/j.cep.2010.08.022},
   issn = {02552701},
   issue = {11},
   journal = {Chemical Engineering and Processing: Process Intensification},
   month = {11},
   pages = {1188-1192},
   title = {Effects of roughness elements on laminar flow and heat transfer in microchannels},
   volume = {49},
   year = {2010},
}
@article{Promvonge2008,
   author = {Promvonge, P. and Thianpong, C.},
   doi = {10.1016/j.icheatmasstransfer.2008.07.016},
   issn = {07351933},
   issue = {10},
   journal = {International Communications in Heat and Mass Transfer},
   month = {12},
   pages = {1327-1334},
   title = {Thermal performance assessment of turbulent channel flows over different shaped ribs},
   volume = {35},
   year = {2008},
}
@article{Kharati_Koopaee2015,
   author = {Kharati-Koopaee, M. and Zare, M.},
   doi = {10.1016/j.ijthermalsci.2014.11.031},
   issn = {12900729},
   journal = {International Journal of Thermal Sciences},
   month = {4},
   pages = {9-23},
   title = {Effect of aligned and offset roughness patterns on the fluid flow and heat transfer within microchannels consist of sinusoidal structured roughness},
   volume = {90},
   year = {2015},
}
@article{Leonardi2010,
   author = {Leonardi, S. and Castro, I. P.},
   doi = {10.1017/S002211200999423X},
   issn = {0022-1120},
   journal = {Journal of Fluid Mechanics},
   month = {5},
   pages = {519-539},
   title = {Channel flow over large cube roughness: a direct numerical simulation study},
   volume = {651},
   year = {2010},
}
@article{Lammers2011,
   author = {Lammers, P. and Jovanović, J. and Delgado, A.},
   doi = {10.1007/s10404-011-0779-4},
   issn = {1613-4982},
   issue = {2},
   journal = {Microfluidics and Nanofluidics},
   month = {8},
   pages = {129-136},
   title = {Persistence of turbulent flow in microchannels at very low Reynolds numbers},
   volume = {11},
   year = {2011},
}
@article{Hao2006,
   author = {Hao, P.-F. and Yao, Z.-H. and He, F. and Zhu, K.-Q.},
   doi = {10.1088/0960-1317/16/7/037},
   issn = {0960-1317},
   issue = {7},
   journal = {Journal of Micromechanics and Microengineering},
   month = {7},
   pages = {1397-1402},
   title = {Experimental investigation of water flow in smooth and rough silicon microchannels},
   volume = {16},
   year = {2006},
}
@article{Muppidi2012,
   author = {Muppidi, S. and Mahesh, K.},
   doi = {10.1017/jfm.2011.417},
   issn = {0022-1120},
   journal = {Journal of Fluid Mechanics},
   month = {2},
   pages = {28-56},
   title = {Direct numerical simulations of roughness-induced transition in supersonic boundary layers},
   volume = {693},
   year = {2012},
}
@article{Miyake1999,
  title={Two-dimensional jet impinging on a wall with roughness elements},
  doi = {10.1080/08916159408946468},
  author={Miyake, G. and Hirata, M. and Kasagi, N.},
  journal={Experimental heat transfer an international journal},
  volume={7},
  number={1},
  pages={1--17},
  year={1999},
  publisher={Taylor \& Francis}
}
@article{Tachie2009,
   author = {Tachie, M. F. and Paul, S. S. and Agelinchaab, M. and Shah, M. K.},
   doi = {10.1080/14685240903045065},
   issn = {1468-5248},
   journal = {Journal of Turbulence},
   month = {1},
   pages = {N20},
   title = {Structure of turbulent flow over 90° and 45° transverse ribs},
   volume = {10},
   year = {2009},
}
@article{Antonia2001,
  title={Turbulence structure in boundary layers over different types of surface roughness},
  doi = {10.1016/S0169-5983(00)00025-3},
  author={Antonia, R. A. and Krogstad, P.-{\AA}.},
  journal={Fluid Dynamics Research},
  volume={28},
  number={2},
  pages={139},
  year={2001},
  publisher={IOP Publishing}
}
@article{Lee2002,
  title={Large-eddy simulation of rough-wall turbulent boundary layers},
  doi = {10.2514/2.1548},
  author={Lee, C.},
  journal={AIAA journal},
  volume={40},
  number={10},
  pages={2127--2130},
  year={2002}
}
@article{Krogstad1992,
  title={Comparison between rough-and smooth-wall turbulent boundary layers},
  doi = {10.1017/S0022112092000594},
  author={Krogstad, P.-{\AA}. and Antonia, R. A. and Browne, L. W. B.},
  journal={Journal of Fluid Mechanics},
  volume={245},
  pages={599--617},
  year={1992},
  publisher={Cambridge University Press}
}
@article{Krogstad1995,
  title={Influence of a strong adverse pressure gradient on the turbulent structure in a boundary layer},
  doi = {10.1063/1.868513},
  author={Krogstad, P.-{\AA}. and Sk{\aa}re, P. E.},
  journal={Physics of Fluids},
  volume={7},
  number={8},
  pages={2014--2024},
  year={1995},
  publisher={American Institute of Physics}
}
@article{Tachie2000,
  title={Rough wall turbulent boundary layers in shallow open channel flow},
  doi = {10.1115/1.1287267},
  author={Tachie, M. F. and Bergstrom, D. J. and Balachandar, R.},
  journal={J. Fluids Eng.},
  volume={122},
  number={3},
  pages={533--541},
  year={2000}
}
@article{Grass1971,
  title={Structural features of turbulent flow over smooth and rough boundaries},
  doi = {10.1017/S0022112071002556},
  author={Grass, A. J.},
  journal={Journal of fluid Mechanics},
  volume={50},
  number={2},
  pages={233--255},
  year={1971},
  publisher={Cambridge University Press}
}
@article{Corke1986,
  title={Experiments on transition enhancement by distributed roughness},
  doi = {10.1063/1.865838},
  author={Corke, T. C. and Bar-Sever, A. and Morkovin, M. V.},
  journal={The Physics of fluids},
  volume={29},
  number={10},
  pages={3199--3213},
  year={1986},
  publisher={American Institute of Physics}
}
@article{Klebanoff1972,
  title={Mechanism by Which a Two-Dimensional Roughness Element Induces Boundary-Layer Transition},
  doi = {10.1063/1.1694065},
  author={Klebanoff, P. S. and Tidstrom, K. D.},
  journal={The Physics of Fluids},
  volume={15},
  number={7},
  pages={1173--1188},
  year={1972},
  publisher={American Institute of Physics}
}
@article{Reshotko2001,
  title={Transient growth: a factor in bypass transition},
  doi = {10.1063/1.1358308},
  author={Reshotko, E.},
  journal={Physics of Fluids},
  volume={13},
  number={5},
  pages={1067--1075},
  year={2001},
  publisher={American Institute of Physics}
}
@article{Croce2007,
  title={Three-dimensional roughness effect on microchannel heat transfer and pressure drop},
  doi = {10.1016/j.ijheatmasstransfer.2007.06.021},
  author={Croce, G. and D’agaro, P. and Nonino, C.},
  journal={International Journal of Heat and Mass Transfer},
  volume={50},
  number={25-26},
  pages={5249--5259},
  year={2007},
  publisher={Elsevier}
}
@article{Hu2003,
  title={Influence of three-dimensional roughness on pressure-driven flow through microchannels},
  doi = {10.1115/1.1598993},
  author={Hu, Y. and Werner, C. and Li, D.},
  journal={J. Fluids Eng.},
  volume={125},
  number={5},
  pages={871--879},
  year={2003}
}
@article{Capogna2023,
   author = {Capogna, A. and Doche, O. and Schillings, J. and Davoust, L. and Tardu, S.},
   doi = {10.1080/14685248.2023.2203497},
   issn = {1468-5248},
   journal = {Journal of Turbulence},
   month = {4},
   pages = {1-22},
   title = {Influence of streamwise and spanwise wall magnet arrays on near-wall MHD turbulence},
   year = {2023},
}
@article{Schillings2017,
   author = {Schillings, J. and Doche, O. and Retamales, M. T. and Bauer, F. and Deseure, J. and Tardu, S.},
   doi = {10.1016/j.ijmultiphaseflow.2016.10.006},
   issn = {03019322},
   journal = {International Journal of Multiphase Flow},
   month = {3},
   pages = {92-107},
   title = {Four-way coupled Eulerian–Lagrangian Direct Numerical Simulations in a vertical laminar channel flow},
   volume = {89},
   year = {2017},
}
@article{Tardu2022,
   author = {Tardu, S.},
   doi = {10.1016/j.compfluid.2022.105459},
   issn = {00457930},
   journal = {Computers \& Fluids},
   month = {5},
   pages = {105459},
   title = {Multiscale analysis of some shear layers in a fully developed turbulent channel flow},
   volume = {240},
   year = {2022},
}
@article{Manhart2004,
   author = {Manhart, M.},
   doi = {10.1016/S0045-7930(03)00061-6},
   issn = {00457930},
   issue = {3},
   journal = {Computers \& Fluids},
   month = {3},
   pages = {435-461},
   title = {A zonal grid algorithm for DNS of turbulent boundary layers},
   volume = {33},
   year = {2004},
}
@article{Dutt1993,
   author = {Dutt, A. and Rokhlin, V.},
   doi = {10.1137/0914081},
   issn = {1064-8275},
   issue = {6},
   journal = {SIAM Journal on Scientific Computing},
   month = {11},
   pages = {1368-1393},
   title = {Fast Fourier Transforms for Nonequispaced Data},
   volume = {14},
   year = {1993},
}
@misc{Bourgoin_Lecture,
   author = {Bourgoin, M.},
   institution = {$5^{th}$ Winter School, Multiscale approaches and multiphysic couplings in fluid and solid mechanics},
   title = {A brief introduction to fluid turbulence},
   year={2023}
}
@article{Hantsis2022,
   author = {Hantsis, Z. and Piomelli, U.},
   doi = {10.1103/PhysRevFluids.7.124601},
   issn = {2469-990X},
   issue = {12},
   journal = {Physical Review Fluids},
   month = {12},
   pages = {124601},
   title = {Effects of roughness on the turbulent Prandtl number, timescale ratio, and dissipation of a passive scalar},
   volume = {7},
   year = {2022},
}
@article{Hantsis2020,
   author = {Hantsis, Z. and Piomelli, U.},
   doi = {10.1103/PhysRevFluids.5.114607},
   issn = {2469-990X},
   issue = {11},
   journal = {Physical Review Fluids},
   month = {11},
   pages = {114607},
   title = {Roughness effects on scalar transport},
   volume = {5},
   year = {2020},
}
@book{Kays1980,
  title={Convective heat and mass transfer},
  author={Kays, W. M. and Crawford, M. E. and Weigand, B.},
  volume={4},
  year={1980},
  publisher={McGraw-Hill New York}
}
@article{Wei2019,
   author = {Wei, T.},
   doi = {10.1016/j.ijheatmasstransfer.2018.10.111},
   issn = {00179310},
   journal = {International Journal of Heat and Mass Transfer},
   month = {3},
   pages = {140-149},
   title = {Heat transfer regimes in fully developed plane-channel flows},
   volume = {131},
   year = {2019},
}
@article{Dean1978,
   author = {Dean, R. B.},
   doi = {10.1115/1.3448633},
   issn = {0098-2202},
   issue = {2},
   journal = {Journal of Fluids Engineering},
   month = {6},
   pages = {215-223},
   title = {Reynolds Number Dependence of Skin Friction and Other Bulk Flow Variables in Two-Dimensional Rectangular Duct Flow},
   volume = {100},
   year = {1978},
}
@article{Avila2010,
  title={On the transient nature of localized pipe flow turbulence},
  doi = {10.1017/S0022112009993296},
  author={Avila, M. and Willis, A. P. and Hof, B.},
  journal={Journal of Fluid Mechanics},
  volume={646},
  pages={127--136},
  year={2010},
  publisher={Cambridge University Press}
}
@book{Pfenninger1961,
  title={Boundary layer suction experiments with laminar flow at high Reynolds numbers in the inlet length of a tube by various suction methods},
  author={Pfenninger, W.},
  booktitle={Boundary layer and flow control},
  pages={961--980},
  year={1961},
  publisher={Elsevier}
}
@article{Hof2008,
  title={Repeller or attractor? Selecting the dynamical model for the onset of turbulence in pipe flow},
  doi = {10.1103/PhysRevLett.101.214501},
  author={Hof, B. and De Lozar, A. and Kuik, D. J. and Westerweel, J.},
  journal={Physical review letters},
  volume={101},
  number={21},
  pages={214501},
  year={2008},
  publisher={APS}
}
@article{Goldenfeld2010,
  title={Extreme fluctuations and the finite lifetime of the turbulent state},
  doi = {10.1103/PhysRevE.81.035304},
  author={Goldenfeld, N. and Guttenberg, N. and Gioia, G.},
  journal={Physical Review E},
  volume={81},
  number={3},
  pages={035304},
  year={2010},
  publisher={APS}
}
@article{Darbyshire1995,
  title={Transition to turbulence in constant-mass-flux pipe flow},
  doi = {10.1017/S0022112095001248},
  author={Darbyshire, A. G. and Mullin, T.},
  journal={Journal of Fluid Mechanics},
  volume={289},
  pages={83--114},
  year={1995},
  publisher={Cambridge University Press}
}
@article{Faisst2004,
  title={Sensitive dependence on initial conditions in transition to turbulence in pipe flow},
  doi = {10.1017/S0022112004008134},
  author={Faisst, H. and Eckhardt, B.},
  journal={Journal of Fluid Mechanics},
  volume={504},
  pages={343--352},
  year={2004},
  publisher={Cambridge University Press}
}
@article{Wygnanski1973,
  title={On transition in a pipe. Part 1. The origin of puffs and slugs and the flow in a turbulent slug},
  doi = {10.1017/S0022112073001576},
  author={Wygnanski, I. J. and Champagne, F. H.},
  journal={Journal of Fluid Mechanics},
  volume={59},
  number={2},
  pages={281--335},
  year={1973},
  publisher={Cambridge University Press}
}
@article{Eckhardt2007,
  title={Turbulence transition in pipe flow: some open questions},
  author={Eckhardt, B.},
  journal={Nonlinearity},
  volume={21},
  number={1},
  pages={T1},
  year={2007},
  publisher={IOP Publishing}
}
@article{Avila2023,
  title={Transition to turbulence in pipe flow},
  doi = {10.1146/annurev-fluid-120720-025957},
  author={Avila, M. and Barkley, D. and Hof, B.},
  journal={Annual Review of Fluid Mechanics},
  volume={55},
  pages={575--602},
  year={2023},
  publisher={Annual Reviews}
}
@article{Antonia1981,
  title={Simultaneous temperature and velocity measurements in the plane of symmetry of a transitional turbulent spot},
  author={Antonia, R. A. and Chambers, A. J. and Sokolov, M. and Van Atta, C. W.},
  doi = {10.1017/S0022112081002140},
  journal={Journal of Fluid Mechanics},
  volume={108},
  pages={317--343},
  year={1981},
  publisher={Cambridge University Press}
}
@article{Sabatino2008,
  title={Turbulent spot flow topology and mechanisms for surface heat transfer},
  doi = {10.1017/S0022112008002838},
  author={Sabatino, D. R. and Smith, C. R.},
  journal={Journal of Fluid Mechanics},
  volume={612},
  pages={81--105},
  year={2008},
  publisher={Cambridge University Press}
}
@article{Chong2006,
    author = {Chong, T. P. and Zhong, S.},
    title = "{On the Momentum and Thermal Structures of Turbulent Spots in a Favorable Pressure Gradient}",
    journal = {Journal of Turbomachinery},
    volume = {128},
    number = {4},
    pages = {689-698},
    year = {2005},
    month = {02},
    issn = {0889-504X},
    doi = {10.1115/1.2218520},
}
@article{Mousa2021,
  title={Review of heat transfer enhancement techniques for single phase flows},
  doi = {10.1016/j.rser.2020.110566},
  author={Mousa, M. H. and Miljkovic, N. and Nawaz, K.},
  journal={Renewable and Sustainable Energy Reviews},
  volume={137},
  pages={110566},
  year={2021},
  publisher={Elsevier}
}
@article{Strickland1985,
   author = {Strickland, D. and Mourou, G.},
   doi = {10.1016/0030-4018(85)90151-8},
   issn = {00304018},
   issue = {6},
   journal = {Optics Communications},
   month = {10},
   pages = {447-449},
   title = {Compression of amplified chirped optical pulses},
   volume = {55},
   year = {1985},
}
@article{Bellec2019,
    author = {Bellec, M. and Luchier, N. and Balarac, G. and Bieder, U. and Girard, A.},
    year = {2019},
    month = {07},
    pages = {},
    journal = {The 14th International Conference on Heat Transfer, Fluid Mechanics and Thermodynamics (HEFAT)},
    title = {Numerical study of the cryogenic cooling of amplifiers for high power lasers}
}
@article{Ding2021,
   author = {Ding, L. and Smits, A. J.},
   doi = {10.1017/jfm.2021.515},
   issn = {0022-1120},
   journal = {Journal of Fluid Mechanics},
   month = {9},
   pages = {A34},
   title = {Relaxation of turbulent pipe flow downstream of a square bar roughness element},
   volume = {922},
   year = {2021},
}
@article{Eckart1948,
	title={An analysis of the stirring and mixing processes in incompressible fluids},
	author={Eckart, C.},
	year={1948},
	journal={Journal of Marine Research},
	volume={7}
}
@article{Peeters2019,
	title = {Turbulent heat transfer in channels with irregular roughness},
	journal = {International Journal of Heat and Mass Transfer},
	volume = {138},
	pages = {454-467},
	year = {2019},
	issn = {0017-9310},
	author = {Peeters, J. W. R. and Sandham, N. D.},
   doi = {10.1016/j.ijheatmasstransfer.2019.04.013},
}
@article{Kuwata2021,
	title = {Direct numerical simulation of turbulent heat transfer on the Reynolds analogy over irregular rough surfaces},
    doi = {10.1016/j.ijheatfluidflow.2021.108859},
	journal = {International Journal of Heat and Fluid Flow},
	volume = {92},
	pages = {108859},
	year = {2021},
	issn = {0142-727X},
	author = {Kuwata, Y.}
}
@book{Hinze1975,
  title={Turbulence},
  author={Hinze, J. O.},
  volume={Second Edition},
  year={1975},
  publisher={McGraw-Hill Inc.}
}
@article{Nishioka1985, 
    title={Some observations of the subcritical transition in plane Poiseuille flow}, 
    volume={150}, 
    DOI={10.1017/S0022112085000210}, 
    journal={Journal of Fluid Mechanics}, 
    publisher={Cambridge University Press}, 
    author={Nishioka, M. and Asai, M.}, 
    year={1985}, 
    pages={441–450}
}
@article{Meinders1999,
    author = {Meinders, E. R. and Hanjalic, K. and Martinuzzi, R. J.},
    title = {Experimental Study of the Local Convection Heat Transfer From a Wall-Mounted Cube in Turbulent Channel Flow},
    journal = {Journal of Heat Transfer},
    volume = {121},
    number = {3},
    pages = {564-573},
    year = {1999},
    month = {08},
    doi = {10.1115/1.2826017},
}
@article{Kays1994,
    author = {Kays, W. M.},
    title = {Turbulent Prandtl Number—Where Are We?},
    journal = {Journal of Heat Transfer},
    volume = {116},
    number = {2},
    pages = {284-295},
    year = {1994},
    month = {05},
    doi = {10.1115/1.2911398},
}
@article{Yakhot1987,
    title = {Heat transfer in turbulent fluids—I. Pipe flow},
    journal = {International Journal of Heat and Mass Transfer},
    volume = {30},
    number = {1},
    pages = {15-22},
    year = {1987},
    doi = {10.1016/0017-9310(87)90057-3},
    author = {Yakhot, V. and Orszag, S. A. and Yakhot, A.},
}
@article{Kadoch2020,
  title = {Efficiency of laminar and turbulent mixing in wall-bounded flows},
  author = {Kadoch, B. and Bos, W. J. T. and Schneider, K.},
  journal = {Phys. Rev. E},
  volume = {101},
  issue = {4},
  pages = {043104},
  numpages = {8},
  year = {2020},
  month = {Apr},
  publisher = {American Physical Society},
  doi = {10.1103/PhysRevE.101.043104}
}
@article{Yimprasert2021,
  title={Flow visualization and skin friction determination in transitional channel flow},
  author={Yimprasert, S. and Kvick, M. and Alfredsson, P. H. and Matsubara, M.},
  journal={Experiments in Fluids},
  volume={62},
  pages={1--16},
  year={2021},
  publisher={Springer}
}
%%%%%%%%%%%%%%%%%%%%%%%%%%%%%%%%%%%%%%%%%%%%%%%%%%%%%%%%%%%%%%%%%%%%%%%%%%%%%%%%%%%%%%%%%%%%%%%%%%%%%%%%%%%%%%%%%%
@article{Billo2022,
title = {Comparison of several interpolation methods to reconstruct field data in the vicinity of a finite element immersed boundary},
journal = {Computers \& Mathematics with Applications},
volume = {123},
pages = {123-135},
year = {2022},
issn = {0898-1221},
doi = {10.1016/j.camwa.2022.08.002},
author = {Billo, G. and Belliard, M. and Sagaut, P.},
}
@article{VicenteCruz2023,
title = {A versatile immersed boundary method for high-fidelity simulation of Conjugate Heat Transfer},
journal = {Journal of Computational Physics},
volume = {488},
pages = {112182},
year = {2023},
issn = {0021-9991},
doi = {https://doi.org/10.1016/j.jcp.2023.112182},
author = {Vicente Cruz, R. and Lamballais, E.},
}
@book{Sagaut2005,
  title={Large eddy simulation for incompressible flows: an introduction},
  author={Sagaut, Pierre},
  year={2005},
  publisher={Springer Science \& Business Media}
}